<?xml version="1.0" encoding="UTF-8"?><record xmlns="http://www.loc.gov/MARC21/slim" xmlns:cinclude="http://apache.org/cocoon/include/1.0" xmlns:zs="http://www.loc.gov/zing/srw/">
  <leader>00450cz  a2200133n  4500</leader>
  <controlfield tag="001">n  90709859 </controlfield>
  <controlfield tag="003">DLC</controlfield>
  <controlfield tag="005">19910129112931.3</controlfield>
  <controlfield tag="008">901030n| acannaab|          |a aaa |||  </controlfield>
  <datafield tag="010" ind1=" " ind2=" ">
    <subfield code="a">n  90709859 </subfield>
  </datafield>
  <datafield tag="040" ind1=" " ind2=" ">
    <subfield code="a">DLC</subfield>
    <subfield code="c">DLC</subfield>
    <subfield code="d">DLC</subfield>
  </datafield>
  <datafield tag="100" ind1="1" ind2="0">
    <subfield code="a">Jambu, Michel.</subfield>
    <subfield code="t">Exploration informatique et statistique des donneĚes.</subfield>
    <subfield code="l">English</subfield>
  </datafield>
  <datafield tag="400" ind1="1" ind2="0">
    <subfield code="a">Jambu, Michel.</subfield>
    <subfield code="t">Exploratory and multivariate data analysis</subfield>
  </datafield>
  <datafield tag="670" ind1=" " ind2=" ">
    <subfield code="a">His Exploratory and multivariate data analysis, c1991.</subfield>
  </datafield>
</record>